<?xml version="1.0" encoding="UTF-8"?><collection xmlns="http://www.loc.gov/MARC21/slim"><record><leader>00412nam--2200145-i-4500</leader><controlfield tag="001">000007503</controlfield><controlfield tag="002">20161230</controlfield><controlfield tag="005">20170103002957</controlfield><controlfield tag="008">060222s1000------------r-----000-0-eng-d</controlfield><datafield ind1=" " ind2=" " tag="100"><subfield code="a">Barreira, Fernando Carvalho</subfield></datafield><datafield ind1=" " ind2=" " tag="245"><subfield code="a">Cinetica da condutibilidade ionica no nitro- benzeno</subfield></datafield><datafield ind1=" " ind2=" " tag="260"><subfield code="a">Lisboa</subfield><subfield code="b">Faculdade De Ciencias Da Universidade</subfield><subfield code="c">1964</subfield></datafield><datafield ind1=" " ind2=" " tag="300"><subfield code="a">103 p</subfield></datafield><datafield ind1=" " ind2=" " tag="852"><subfield code="a">23015</subfield></datafield><datafield ind1=" " ind2=" " tag="CAT"><subfield code="a">SYS</subfield><subfield code="c">20170103</subfield><subfield code="h">002957</subfield></datafield></record></collection>